@inproceedings{Ren2015Faster,
	title={Faster {R-CNN}: Towards real-time object detection with region proposal networks},
	author={Ren, Shaoqing and He, Kaiming and Girshick, Ross and Sun, Jian},
	booktitle={NIPS},
	year={2015},
}

@inproceedings{Girshick2015Fast,
	title={Fast {R-CNN}},
	author={Girshick, Ross},
	booktitle={ICCV},
	year={2015},
}

@inproceedings{zhu17fgfa,
	title={Flow-Guided Feature Aggregation for Video Object Detection},
	author={Zhu, Xizhou and Wang, Yujie and Dai, Jifeng and Yuan, Lu and Wei Yichen},
	booktitle={ICCV},
	year={2017},
}