@inproceedings{Ren2015Faster,
	title={Faster {R-CNN}: Towards real-time object detection with region proposal networks},
	author={Ren, Shaoqing and He, Kaiming and Girshick, Ross and Sun, Jian},
	booktitle={NIPS},
	year={2015},
}